@article{parall_dl_survey,
  author    = {Tal Ben{-}Nun and
               Torsten Hoefler},
  title     = {Demystifying Parallel and Distributed Deep Learning: An In-Depth Concurrency
               Analysis},
  journal   = {CoRR},
  volume    = {abs/1802.09941},
  year      = {2018},
  url       = {http://arxiv.org/abs/1802.09941},
  archivePrefix = {arXiv},
  eprint    = {1802.09941},
  timestamp = {Mon, 13 Aug 2018 16:47:43 +0200},
  biburl    = {https://dblp.org/rec/bib/journals/corr/abs-1802-09941},
  bibsource = {dblp computer science bibliography, https://dblp.org}
}

@article{parall_dnn_training,
  author    = {Amir Gholami and
               Ariful Azad and
               Kurt Keutzer and
               Aydin Bulu{\c{c}}},
  title     = {Integrated Model and Data Parallelism in Training Neural Networks},
  journal   = {CoRR},
  volume    = {abs/1712.04432},
  year      = {2017},
  url       = {http://arxiv.org/abs/1712.04432},
  archivePrefix = {arXiv},
  eprint    = {1712.04432},
  timestamp = {Mon, 13 Aug 2018 16:47:01 +0200},
  biburl    = {https://dblp.org/rec/bib/journals/corr/abs-1712-04432},
  bibsource = {dblp computer science bibliography, https://dblp.org}
}

@incollection{large_scale_parall_dnns,
title = {Large Scale Distributed Deep Networks},
author = {Jeffrey Dean and Greg Corrado and Rajat Monga and Chen, Kai and Matthieu Devin and Mark Mao and Marc\textquotesingle aurelio Ranzato and Andrew Senior and Paul Tucker and Ke Yang and Quoc V. Le and Andrew Y. Ng},
booktitle = {Advances in Neural Information Processing Systems 25},
editor = {F. Pereira and C. J. C. Burges and L. Bottou and K. Q. Weinberger},
pages = {1223--1231},
year = {2012},
publisher = {Curran Associates, Inc.},
url = {http://papers.nips.cc/paper/4687-large-scale-distributed-deep-networks.pdf}
}

